@article{ALFAROALMAGRO:18,
title = "Image processing and Quality Control for the first 10,000 brain imaging datasets from UK Biobank",
journal = "NeuroImage",
volume = "166",
pages = "400 - 424",
year = "2018",
url = "http://www.sciencedirect.com/science/article/pii/S1053811917308613",
author = "Fidel Alfaro-Almagro and Mark Jenkinson and Neal K. Bangerter and Jesper L.R. Andersson and Ludovica Griffanti and Gwenaëlle Douaud and Stamatios N. Sotiropoulos and Saad Jbabdi and Moises Hernandez-Fernandez and Emmanuel Vallee and Diego Vidaurre and Matthew Webster and Paul McCarthy and Christopher Rorden and Alessandro Daducci and Daniel C. Alexander and Hui Zhang and Iulius Dragonu and Paul M. Matthews and Karla L. Miller and Stephen M. Smith",
}

@misc{UKBioBank:18,
  author = {Uk BioBank},
  title = {UK BioBank Imaging Study},
  year = 2018,
  url = {https://imaging.ukbiobank.ac.uk/},
  urldate = {2018-02-17}
}

@article{Mehta:17,
   title={Comparative evaluation of big-data systems on scientific image analytics workloads},
   volume={10},
   ISSN={2150-8097},
   url={http://dx.doi.org/10.14778/3137628.3137634},
   DOI={10.14778/3137628.3137634},
   number={11},
   journal={Proceedings of the VLDB Endowment},
   publisher={VLDB Endowment},
   author={Mehta, Parmita and AlSayyad, Yusra and Dorkenwald, Sven and Zhao, Dongfang and Kaftan, Tomer and Cheung, Alvin and Balazinska, Magdalena and Rokem, Ariel and Connolly, Andrew and Vanderplas, Jacob},
   year={2017},
   month={Aug},
   pages={1226–1237}
}

@misc{Hayot-Sasson:17,
  author = {Valerie Hayot-Sasson},
  title = {Comparative study of Nipype and Spark performance for the efficient processing of neuroimaging data on large-scale parallel infrastructures},
  year = 2018,
  url = {https://github.com/ValHayot/SOEN691-project/tree/master},
  urldate = {2018-02-18}
}

@article {Amunts:13,
	author = {Amunts, Katrin and Lepage, Claude and Borgeat, Louis and Mohlberg, Hartmut and Dickscheid, Timo and Rousseau, Marc-{\'E}tienne and Bludau, Sebastian and Bazin, Pierre-Louis and Lewis, Lindsay B. and Oros-Peusquens, Ana-Maria and Shah, Nadim J. and Lippert, Thomas and Zilles, Karl and Evans, Alan C.},
	title = {BigBrain: An Ultrahigh-Resolution 3D Human Brain Model},
	volume = {340},
	number = {6139},
	pages = {1472--1475},
	year = {2013},
	doi = {10.1126/science.1235381},
	publisher = {American Association for the Advancement of Science},
	issn = {0036-8075},
	URL = {http://science.sciencemag.org/content/340/6139/1472},
	eprint = {http://science.sciencemag.org/content/340/6139/1472.full.pdf},
	journal = {Science}
}

@ARTICLE{Nipype:11,
AUTHOR={Gorgolewski, Krzysztof and Burns, Christopher and Madison, Cindee and Clark, Dav and Halchenko, Yaroslav and Waskom, Michael and Ghosh, Satrajit},
TITLE={Nipype: A Flexible, Lightweight and Extensible Neuroimaging Data Processing Framework in Python},
JOURNAL={Frontiers in Neuroinformatics},
VOLUME={5},
PAGES={13},
YEAR={2011},
URL={https://www.frontiersin.org/article/10.3389/fninf.2011.00013},
DOI={10.3389/fninf.2011.00013},
ISSN={1662-5196},
}

@article{Spark:16,
 author = {Zaharia, Matei and Xin, Reynold S. and Wendell, Patrick and Das, Tathagata and Armbrust, Michael and Dave, Ankur and Meng, Xiangrui and Rosen, Josh and Venkataraman, Shivaram and Franklin, Michael J. and Ghodsi, Ali and Gonzalez, Joseph and Shenker, Scott and Stoica, Ion},
 title = {Apache Spark: A Unified Engine for Big Data Processing},
 journal = {Commun. ACM},
 issue_date = {November 2016},
 volume = {59},
 number = {11},
 month = oct,
 year = {2016},
 issn = {0001-0782},
 pages = {56--65},
 numpages = {10},
 url = {http://doi.acm.org/10.1145/2934664},
 doi = {10.1145/2934664},
 acmid = {2934664},
 publisher = {ACM},
 address = {New York, NY, USA},
}

@InProceedings{ Dask:15,
  author    = { {M}atthew {R}ocklin },
  title     = { {D}ask: {P}arallel {C}omputation with {B}locked algorithms and {T}ask {S}cheduling },
  booktitle = { {P}roceedings of the 14th {P}ython in {S}cience {C}onference },
  pages     = { 126 - 132 },
  year      = { 2015 },
  editor    = { {K}athryn {H}uff and {J}ames {B}ergstra },
  doi       = { 10.25080/Majora-7b98e3ed-013 }
}

@Article{ds052:01,
author={Poldrack, R. A.
and Clark, J.
and Par{\'e}-Blagoev, E. J.
and Shohamy, D.
and Creso Moyano, J.
and Myers, C.
and Gluck, M. A.},
title={Interactive memory systems in the human brain},
journal={Nature},
year={2001},
month={Nov},
day={29},
publisher={Macmillan Magazines Ltd. SN  -},
volume={414},
pages={546 EP  -},
url={https://doi.org/10.1038/35107080}
}

@article{fMRIPrep:19,
title={poldracklab/fmriprep: 1.3.0.post2}, DOI={10.5281/zenodo.2565292},
publisher={Zenodo},
author={Esteban, Oscar and Blair, Ross and Markiewicz, Christopher J. and Berleant, Shoshana L. and Moodie, Craig and Ma, Feilong and Isik, Ayse Ilkay and Erramuzpe, Asier and Kent, James D. and Goncalves, Mathias and et al.},
year={2019},
month={Feb}
}
